<marcxml:record xmlns:xlink="http://www.w3.org/1999/xlink" xmlns:marcxml="http://www.loc.gov/MARC21/slim" xmlns:mets="http://www.loc.gov/METS/" xmlns:mxe="http://www.loc.gov/mxe" xmlns:rdf="http://www.w3.org/1999/02/22-rdf-syntax-ns#" xmlns:rdfs="http://www.w3.org/2000/01/rdf-schema#" xmlns:skos="http://www.w3.org/2004/02/skos/core#" xmlns:madsrdf="http://www.loc.gov/mads/rdf/v1#" xmlns:ri="http://id.loc.gov/ontologies/RecordInfo#" xmlns:sem="http://marklogic.com/semantics">
  <marcxml:leader>00818cz  a2200193n  4500</marcxml:leader>
  <marcxml:controlfield tag="001">n82047623</marcxml:controlfield>
  <marcxml:controlfield tag="003">DLC</marcxml:controlfield>
  <marcxml:controlfield tag="005">20030811161205.0</marcxml:controlfield>
  <marcxml:controlfield tag="008">820520n| acannaab           |a aaa      </marcxml:controlfield>
  <marcxml:datafield tag="010" ind1=" " ind2=" ">
    <marcxml:subfield code="a">n  82047623 </marcxml:subfield>
  </marcxml:datafield>
  <marcxml:datafield tag="040" ind1=" " ind2=" ">
    <marcxml:subfield code="a">DLC</marcxml:subfield>
    <marcxml:subfield code="c">DLC</marcxml:subfield>
    <marcxml:subfield code="d">DLC</marcxml:subfield>
  </marcxml:datafield>
  <marcxml:datafield tag="100" ind1="0" ind2=" ">
    <marcxml:subfield code="a">Elena,</marcxml:subfield>
    <marcxml:subfield code="c">Queen, consort of Victor Emmanuel III, King of Italy,</marcxml:subfield>
    <marcxml:subfield code="d">1873-1952</marcxml:subfield>
  </marcxml:datafield>
  <marcxml:datafield tag="400" ind1="0" ind2=" ">
    <marcxml:subfield code="w">nnaa</marcxml:subfield>
    <marcxml:subfield code="a">Elena,</marcxml:subfield>
    <marcxml:subfield code="c">consort of Victor Emmanuel III, King of Italy,</marcxml:subfield>
    <marcxml:subfield code="d">1873-1952</marcxml:subfield>
  </marcxml:datafield>
  <marcxml:datafield tag="400" ind1="0" ind2=" ">
    <marcxml:subfield code="a">Elena di Savoia,</marcxml:subfield>
    <marcxml:subfield code="d">1873-1952</marcxml:subfield>
  </marcxml:datafield>
  <marcxml:datafield tag="400" ind1="1" ind2=" ">
    <marcxml:subfield code="a">Savoia, Elena di,</marcxml:subfield>
    <marcxml:subfield code="d">1873-1952</marcxml:subfield>
  </marcxml:datafield>
  <marcxml:datafield tag="400" ind1="1" ind2=" ">
    <marcxml:subfield code="a">Di Savoia, Elena,</marcxml:subfield>
    <marcxml:subfield code="d">1873-1952</marcxml:subfield>
  </marcxml:datafield>
  <marcxml:datafield tag="400" ind1="0" ind2=" ">
    <marcxml:subfield code="a">Jelena,</marcxml:subfield>
    <marcxml:subfield code="c">Queen, consort of Victor Emmanuel III, King of Italy,</marcxml:subfield>
    <marcxml:subfield code="d">1873-1952.</marcxml:subfield>
  </marcxml:datafield>
  <marcxml:datafield tag="670" ind1=" " ind2=" ">
    <marcxml:subfield code="a">Victor Emmanuel III, King of Italy. Vittorio Emanuele ed ... 1981:</marcxml:subfield>
    <marcxml:subfield code="b">t.p. (Elena di Savoia)</marcxml:subfield>
  </marcxml:datafield>
  <marcxml:datafield tag="670" ind1=" " ind2=" ">
    <marcxml:subfield code="a">Regolo, L. Jelena, 2002:</marcxml:subfield>
    <marcxml:subfield code="b">flap (regina Elena di Savoia; called Jelena in Montenegro)</marcxml:subfield>
  </marcxml:datafield>
</marcxml:record>
